@article{tarini2006ambient,
	title={Ambient occlusion and edge cueing for enhancing real time molecular visualization},
	author={Tarini, Marco and Cignoni, Paolo and Montani, Claudio},
	journal={Visualization and Computer Graphics, IEEE Transactions on},
	volume={12},
	number={5},
	pages={1237--1244},
	year={2006},
	publisher={IEEE}
}

@article{lampe2007two,
	title={Two-level approach to efficient visualization of protein dynamics},
	author={Lampe, Ove Daae and Viola, Ivan and Reuter, Nathalie and Hauser, Helwig},
	journal={Visualization and Computer Graphics, IEEE Transactions on},
	volume={13},
	number={6},
	pages={1616--1623},
	year={2007},
	publisher={IEEE}
}

@inproceedings{lindow2012interactive,
	title={Interactive rendering of materials and biological structures on atomic and nanoscopic scale},
	author={Lindow, Norbert and Baum, Daniel and Hege, H-C},
	booktitle={Computer Graphics Forum},
	volume={31},
	number={3pt4},
	pages={1325--1334},
	year={2012},
	organization={Wiley Online Library}
}

@inproceedings{falk2013atomistic,
	title={Atomistic Visualization of Mesoscopic Whole-Cell Simulations Using Ray-Casted Instancing},
	author={Falk, Martin and Krone, Michael and Ertl, Thomas},
	booktitle={Computer Graphics Forum},
	volume={32},
	number={8},
	pages={195--206},
	year={2013},
	organization={Wiley Online Library}
}

@inproceedings{parulek2014continuous,
	title={Continuous Levels-of-Detail and Visual Abstraction for Seamless Molecular Visualization},
	author={Parulek, Julius and J{\"o}nsson, Daniel and Ropinski, Timo and Bruckner, Stefan and Ynnerman, Anders and Viola, Ivan},
	booktitle={Computer Graphics Forum},
	volume={33},
	number={6},
	pages={276--287},
	year={2014},
	organization={Wiley Online Library}
}

@inproceedings{le2014illustrative,
	title={Illustrative visualization of molecular reactions using omniscient intelligence and passive agents},
	author={Le Muzic, Mathieu and Parulek, Julius and Stavrum, Anne-Kristin and Viola, Ivan},
	booktitle={Computer Graphics Forum},
	volume={33},
	number={3},
	pages={141--150},
	year={2014},
	organization={Wiley Online Library}
}

@article{muzic2015cellview,
	title={cellVIEW: a Tool for Illustrative and Multi-Scale Rendering of Large Biomolecular Datasets},
	author={Muzic, Mathieu Le and Autin, Ludovic and Parulek, Julius and Viola, Ivan},
	year={2015},
	publisher={The Eurographics Association}
}

@article{johnson2015cellpack,
	title={cellPACK: a virtual mesoscope to model and visualize structural systems biology},
	author={Johnson, Graham T and Autin, Ludovic and Al-Alusi, Mostafa and Goodsell, David S and Sanner, Michel F and Olson, Arthur J},
	journal={Nature methods},
	volume={12},
	number={1},
	pages={85--91},
	year={2015},
	publisher={Nature Publishing Group}
}